
@inproceedings{laich2020guiding,
  title={Guiding program synthesis by learning to generate examples},
  author={Laich, Larissa and Bielik, Pavol and Vechev, Martin},
  booktitle={Proceedings of the 8th International Conference on Learning Representations (ICLR 2020)},
  year={2020},
  organization={International Conference on Learning Representations (ICLR)}
}


@article{lee2018accelerating,
  title={Accelerating search-based program synthesis using learned probabilistic models},
  author={Lee, Woosuk and Heo, Kihong and Alur, Rajeev and Naik, Mayur},
  journal={ACM SIGPLAN Notices},
  volume={53},
  number={4},
  pages={436--449},
  year={2018},
  publisher={ACM New York, NY, USA}
}

@article{ristad1998learning,
  title={Learning string-edit distance},
  author={Ristad, Eric Sven and Yianilos, Peter N},
  journal={IEEE Transactions on Pattern Analysis and Machine Intelligence},
  volume={20},
  number={5},
  pages={522--532},
  year={1998},
  publisher={IEEE}
}


@article{hall1980approximate,
  title={Approximate string matching},
  author={Hall, Patrick AV and Dowling, Geoff R},
  journal={ACM computing surveys (CSUR)},
  volume={12},
  number={4},
  pages={381--402},
  year={1980},
  publisher={ACM New York, NY, USA}
}
@article{arasu2009learning,

  title={Learning string transformations from examples},
  author={Arasu, Arvind and Chaudhuri, Surajit and Kaushik, Raghav},
  journal={Proceedings of the VLDB Endowment},
  volume={2},
  number={1},
  pages={514--525},
  year={2009},
  publisher={VLDB Endowment}
}

@inproceedings{zhang2020interactive,
  title={Interactive Program Synthesis by Augmented Examples},
  author={Zhang, Tianyi and Lowmanstone, London and Wang, Xinyu and Glassman, Elena L},
  booktitle={Proceedings of the 33rd Annual ACM Symposium on User Interface Software and Technology},
  pages={627--648},
  year={2020}
}

@article{bartoli2016regex,
  title={Regex-based entity extraction with active learning and genetic programming},
  author={Bartoli, Alberto and De Lorenzo, Andrea and Medvet, Eric and Tarlao, Fabiano},
  journal={ACM SIGAPP Applied Computing Review},
  volume={16},
  number={2},
  pages={7--15},
  year={2016},
  publisher={ACM New York, NY, USA}
}

@inproceedings{alur2017scaling,
  title={Scaling enumerative program synthesis via divide and conquer},
  author={Alur, Rajeev and Radhakrishna, Arjun and Udupa, Abhishek},
  booktitle={International Conference on Tools and Algorithms for the Construction and Analysis of Systems},
  pages={319--336},
  year={2017},
  organization={Springer}
}

